%!TEX root = ./qualification.tex

@mastersthesis{ DUARTE,
    author    = "DUARTE, A. M",
    title     = "Algoritmo Genético-Tabu para a Programação Reativa da Produção em um Sistema de Manufatura com Recursos Compartilhados",
    school    = "Universidade Federal de São Carlos",
    year      = "2009"
}

@mastersthesis{ SANCHES,
    author    = "SANCHES, D. S.",
    title     = "Estratégia de Modelagem por Algoritmo Genético Adaptativo para Programação Reativa da Produção de Produtos com uso Simultâneo de Máquinas e Sistemas de Transporte em Sistemas de Manufatura",
    school    = "Universidade Federal de São Carlos",
    year      = "2008"
}